%% This BibTeX bibliography file was created using BibDesk.
%% http://bibdesk.sourceforge.net/


%% Created for y1275963 at 2015-03-16 15:18:24 +0000 


%% Saved with string encoding Unicode (UTF-8) 



@article{sum1,
	Author = {Paul Rosenthal Tran Van Long Lars Linsen},
	Date-Added = {2015-03-16 15:17:32 +0000},
	Date-Modified = {2015-03-16 15:18:16 +0000},
	Journal = {IEEE Visualization Design Contest},
	Rating = {3},
	Title = {''Shadow Clustering'': Surface Extraction from Non-equidistantly Sampled Multi-field 3D Scalar Data Using Multi-dimensional Cluster Visualization},
	Year = {2008},
	Bdsk-File-1 = {YnBsaXN0MDDUAQIDBAUGJCVYJHZlcnNpb25YJG9iamVjdHNZJGFyY2hpdmVyVCR0b3ASAAGGoKgHCBMUFRYaIVUkbnVsbNMJCgsMDxJXTlMua2V5c1pOUy5vYmplY3RzViRjbGFzc6INDoACgAOiEBGABIAFgAdccmVsYXRpdmVQYXRoWWFsaWFzRGF0YV8QIS4uLy4uLy4uL0Rvd25sb2Fkcy92aXNjb250ZXN0LnBkZtIXCxgZV05TLmRhdGFPEQF6AAAAAAF6AAIAAAltYWluX3JhaWQAAAAAAAAAAAAAAAAAAAAAAADQslf0SCsAAAAVHwYOdmlzY29udGVzdC5wZGYAAAAAAAAAAAAAAAAAAAAAAAAAAAAAAAAAAAAAAAAAAAAAAAAAAAAAAAAAAAAAAAAAAK01etEspJsAAAAAAAAAAAADAAIAAAkgAAAAAAAAAAAAAAAAAAAACURvd25sb2FkcwAAEAAIAADQslf0AAAAEQAIAADRLKSbAAAAAQAMABUfBgAThuIAE4bXAAIANG1haW5fcmFpZDpVc2VyczoAeTEyNzU5NjM6AERvd25sb2FkczoAdmlzY29udGVzdC5wZGYADgAeAA4AdgBpAHMAYwBvAG4AdABlAHMAdAAuAHAAZABmAA8AFAAJAG0AYQBpAG4AXwByAGEAaQBkABIAJ1VzZXJzL3kxMjc1OTYzL0Rvd25sb2Fkcy92aXNjb250ZXN0LnBkZgAAEwABLwAAFQACAA///wAAgAbSGxwdHlokY2xhc3NuYW1lWCRjbGFzc2VzXU5TTXV0YWJsZURhdGGjHR8gVk5TRGF0YVhOU09iamVjdNIbHCIjXE5TRGljdGlvbmFyeaIiIF8QD05TS2V5ZWRBcmNoaXZlctEmJ1Ryb290gAEACAARABoAIwAtADIANwBAAEYATQBVAGAAZwBqAGwAbgBxAHMAdQB3AIQAjgCyALcAvwI9Aj8CRAJPAlgCZgJqAnECegJ/AowCjwKhAqQCqQAAAAAAAAIBAAAAAAAAACgAAAAAAAAAAAAAAAAAAAKr}}

@article{sum2,
	Author = {Rita Borgo, David Duke, Colin Runciman, and Malcolm Wallace},
	Date-Added = {2015-03-16 15:04:22 +0000},
	Date-Modified = {2015-03-16 15:14:11 +0000},
	Journal = {IEEE Visualization Design Contest},
	Rating = {4},
	Read = {1},
	Title = {The 2008 Visualization Design Contest: A Functional DSL for Multifield Data},
	Year = {2008},
	Bdsk-File-1 = {YnBsaXN0MDDUAQIDBAUGJCVYJHZlcnNpb25YJG9iamVjdHNZJGFyY2hpdmVyVCR0b3ASAAGGoKgHCBMUFRYaIVUkbnVsbNMJCgsMDxJXTlMua2V5c1pOUy5vYmplY3RzViRjbGFzc6INDoACgAOiEBGABIAFgAdccmVsYXRpdmVQYXRoWWFsaWFzRGF0YV8QIC4uLy4uLy4uL0Rvd25sb2Fkcy9jb250ZXN0MDgucGRm0hcLGBlXTlMuZGF0YU8RAXYAAAAAAXYAAgAACW1haW5fcmFpZAAAAAAAAAAAAAAAAAAAAAAAANCyV/RIKwAAABUfBg1jb250ZXN0MDgucGRmAAAAAAAAAAAAAAAAAAAAAAAAAAAAAAAAAAAAAAAAAAAAAAAAAAAAAAAAAAAAAAAAAAAArSyw0SyhkwAAAAAAAAAAAAMAAgAACSAAAAAAAAAAAAAAAAAAAAAJRG93bmxvYWRzAAAQAAgAANCyV/QAAAARAAgAANEsoZMAAAABAAwAFR8GABOG4gAThtcAAgAzbWFpbl9yYWlkOlVzZXJzOgB5MTI3NTk2MzoARG93bmxvYWRzOgBjb250ZXN0MDgucGRmAAAOABwADQBjAG8AbgB0AGUAcwB0ADAAOAAuAHAAZABmAA8AFAAJAG0AYQBpAG4AXwByAGEAaQBkABIAJlVzZXJzL3kxMjc1OTYzL0Rvd25sb2Fkcy9jb250ZXN0MDgucGRmABMAAS8AABUAAgAP//8AAIAG0hscHR5aJGNsYXNzbmFtZVgkY2xhc3Nlc11OU011dGFibGVEYXRhox0fIFZOU0RhdGFYTlNPYmplY3TSGxwiI1xOU0RpY3Rpb25hcnmiIiBfEA9OU0tleWVkQXJjaGl2ZXLRJidUcm9vdIABAAgAEQAaACMALQAyADcAQABGAE0AVQBgAGcAagBsAG4AcQBzAHUAdwCEAI4AsQC2AL4COAI6Aj8CSgJTAmECZQJsAnUCegKHAooCnAKfAqQAAAAAAAACAQAAAAAAAAAoAAAAAAAAAAAAAAAAAAACpg==}}
