%% This BibTeX bibliography file was created using BibDesk.
%% http://bibdesk.sourceforge.net/


%% Created for y1275963 at 2015-04-07 06:56:52 +0100 


%% Saved with string encoding Unicode (UTF-8) 



@url{ref_1,
	Author = {Wikipedia},
	Date-Added = {2015-04-07 05:52:50 +0000},
	Date-Modified = {2015-04-07 05:56:08 +0000},
	Keywords = {PID controller },
	Lastchecked = {7th April},
	Month = {April},
	Title = {PID controller },
	Url = {http://en.wikipedia.org/wiki/PID_controller},
	Urldate = {7th April},
	Year = {2015},
	Bdsk-File-1 = {YnBsaXN0MDDUAQIDBAUGJCVYJHZlcnNpb25YJG9iamVjdHNZJGFyY2hpdmVyVCR0b3ASAAGGoKgHCBMUFRYaIVUkbnVsbNMJCgsMDxJXTlMua2V5c1pOUy5vYmplY3RzViRjbGFzc6INDoACgAOiEBGABIAFgAdccmVsYXRpdmVQYXRoWWFsaWFzRGF0YV8QE1BJRF9jb250cm9sbGVyLmh0bWzSFwsYGVdOUy5kYXRhTxEBwAAAAAABwAACAAAJbWFpbl9yYWlkAAAAAAAAAAAAAAAAAAAAAAAA0LJX9EgrAAAA6t9oE1BJRF9jb250cm9sbGVyLmh0bWwAAAAAAAAAAAAAAAAAAAAAAAAAAAAAAAAAAAAAAAAAAAAAAAAAAAAAAAAAAADr8t3RSKq2AAAAAAAAAAAAAQACAAAJIAAAAAAAAAAAAAAAAAAAAAplbGVjMjUyMF8zABAACAAA0LJX9AAAABEACAAA0UicpgAAAAEAFADq32gAFRESABUfrAAThuIAE4bXAAIAT21haW5fcmFpZDpVc2VyczoAeTEyNzU5NjM6AEdvb2dsZSBEcml2ZToAbGF0ZXg6AGVsZWMyNTIwXzM6AFBJRF9jb250cm9sbGVyLmh0bWwAAA4AKAATAFAASQBEAF8AYwBvAG4AdAByAG8AbABsAGUAcgAuAGgAdABtAGwADwAUAAkAbQBhAGkAbgBfAHIAYQBpAGQAEgBAVXNlcnMveTEyNzU5NjMvR29vZ2xlIERyaXZlL2xhdGV4L2VsZWMyNTIwXzMvUElEX2NvbnRyb2xsZXIuaHRtbAATAAEvAAAVAAIAD///AACABtIbHB0eWiRjbGFzc25hbWVYJGNsYXNzZXNdTlNNdXRhYmxlRGF0YaMdHyBWTlNEYXRhWE5TT2JqZWN00hscIiNcTlNEaWN0aW9uYXJ5oiIgXxAPTlNLZXllZEFyY2hpdmVy0SYnVHJvb3SAAQAIABEAGgAjAC0AMgA3AEAARgBNAFUAYABnAGoAbABuAHEAcwB1AHcAhACOAKQAqQCxAnUCdwJ8AocCkAKeAqICqQKyArcCxALHAtkC3ALhAAAAAAAAAgEAAAAAAAAAKAAAAAAAAAAAAAAAAAAAAuM=}}

@url{ref_2,
	Author = {newport.com},
	Date-Added = {2015-04-07 05:51:30 +0000},
	Date-Modified = {2015-04-07 05:56:39 +0000},
	Keywords = {Control Theory Terminology Control Theory Terminology Control Theory Terminology},
	Lastchecked = {7th April},
	Month = {April},
	Read = {1},
	Title = {Control Theory Terminology },
	Url = {http://www.newport.com/Control-Theory-Terminology/178319/1033/content.aspx},
	Urldate = {7th April},
	Year = {2015},
	Bdsk-File-1 = {YnBsaXN0MDDUAQIDBAUGJCVYJHZlcnNpb25YJG9iamVjdHNZJGFyY2hpdmVyVCR0b3ASAAGGoKgHCBMUFRYaIVUkbnVsbNMJCgsMDxJXTlMua2V5c1pOUy5vYmplY3RzViRjbGFzc6INDoACgAOiEBGABIAFgAdccmVsYXRpdmVQYXRoWWFsaWFzRGF0YV8QUC4uLy4uLy4uLy4uLy4uL3Zhci9mb2xkZXJzLzNuL2JiNGNxNnM1NDRzNXZ6cDFneGYxXzZscjAwMDBnbi9UL2NvbnRlbnQuYXNweC5odG1s0hcLGBlXTlMuZGF0YU8RAcYAAAAAAcYAAgAACW1haW5fcmFpZAAAAAAAAAAAAAAAAAAAAAAAANCyV/RIKwAAAB9fSRFjb250ZW50LmFzcHguaHRtbAAAAAAAAAAAAAAAAAAAAAAAAAAAAAAAAAAAAAAAAAAAAAAAAAAAAAAAAAAAAAAA6/DE0Uku+QAAAAAAAAAAAAUABwAACSAAAAAAAAAAAAAAAAAAAAABVAAAEAAIAADQslf0AAAAEQAIAADRSSDpAAAAAQAYAB9fSQAcxIUAHMSEAA8m9wAPIpEAAAAVAAIAWW1haW5fcmFpZDpwcml2YXRlOgB2YXI6AGZvbGRlcnM6ADNuOgBiYjRjcTZzNTQ0czV2enAxZ3hmMV82bHIwMDAwZ246AFQ6AGNvbnRlbnQuYXNweC5odG1sAAAOACQAEQBjAG8AbgB0AGUAbgB0AC4AYQBzAHAAeAAuAGgAdABtAGwADwAUAAkAbQBhAGkAbgBfAHIAYQBpAGQAEgBJcHJpdmF0ZS92YXIvZm9sZGVycy8zbi9iYjRjcTZzNTQ0czV2enAxZ3hmMV82bHIwMDAwZ24vVC9jb250ZW50LmFzcHguaHRtbAAAEwABLwD//wAAgAbSGxwdHlokY2xhc3NuYW1lWCRjbGFzc2VzXU5TTXV0YWJsZURhdGGjHR8gVk5TRGF0YVhOU09iamVjdNIbHCIjXE5TRGljdGlvbmFyeaIiIF8QD05TS2V5ZWRBcmNoaXZlctEmJ1Ryb290gAEACAARABoAIwAtADIANwBAAEYATQBVAGAAZwBqAGwAbgBxAHMAdQB3AIQAjgDhAOYA7gK4AroCvwLKAtMC4QLlAuwC9QL6AwcDCgMcAx8DJAAAAAAAAAIBAAAAAAAAACgAAAAAAAAAAAAAAAAAAAMm}}
