%% This BibTeX bibliography file was created using BibDesk.
%% http://bibdesk.sourceforge.net/


%% Created for y1275963 at 2015-04-30 14:38:20 +0100 


%% Saved with string encoding Unicode (UTF-8) 



@url{vgaadaptor,
	Author = {University of Toronto},
	Date-Added = {2015-04-30 13:32:10 +0000},
	Date-Modified = {2015-04-30 13:37:35 +0000},
	Title = {http://www.eecg.utoronto.ca/~jayar/ece241\_07F/vga/vga-interface.html},
	Urldate = {http://www.eecg.utoronto.ca/~jayar/ece241_07F/vga/vga-interface.html}}

@url{trigger,
	Author = {fpga4fun.com},
	Date-Added = {2015-04-30 13:12:31 +0000},
	Date-Modified = {2015-04-30 13:18:57 +0000},
	Title = {http://www.fpga4fun.com/digitalscope\_hdl3.html},
	Urldate = {http://www.fpga4fun.com/digitalscope_hdl3.html}}

@manual{fifo,
	Address = {101 Innovation Drive, San Jose, CA 95134},
	Author = {ALTRA},
	Date-Added = {2015-04-30 12:35:37 +0000},
	Date-Modified = {2015-04-30 12:36:21 +0000},
	Month = {12},
	Organization = {ALTRA},
	Title = {SCFIFO and DCFIFO IP Cores User Guide},
	Year = {2014},
	Bdsk-File-1 = {YnBsaXN0MDDUAQIDBAUGJCVYJHZlcnNpb25YJG9iamVjdHNZJGFyY2hpdmVyVCR0b3ASAAGGoKgHCBMUFRYaIVUkbnVsbNMJCgsMDxJXTlMua2V5c1pOUy5vYmplY3RzViRjbGFzc6INDoACgAOiEBGABIAFgAdccmVsYXRpdmVQYXRoWWFsaWFzRGF0YVt1Z19maWZvLnBkZtIXCxgZV05TLmRhdGFPEQGOAAAAAAGOAAIAAAltYWluX3JhaWQAAAAAAAAAAAAAAAAAAAAAAADQslf0SCsAAAEe0TsLdWdfZmlmby5wZGYAAAAAAAAAAAAAAAAAAAAAAAAAAAAAAAAAAAAAAAAAAAAAAAAAAAAAAAAAAAAAAAAAAAAAASM7jdFn4BgAAAAAAAAAAAABAAIAAAkgAAAAAAAAAAAAAAAAAAAABmVsZWM1NQAQAAgAANCyV/QAAAARAAgAANFn0ggAAAABABQBHtE7ABUREgAVDPQAE4biABOG1wACAEBtYWluX3JhaWQ6VXNlcnM6AHkxMjc1OTYzOgBEb2N1bWVudHM6AGxhdGV4OgBlbGVjNTU6AHVnX2ZpZm8ucGRmAA4AGAALAHUAZwBfAGYAaQBmAG8ALgBwAGQAZgAPABQACQBtAGEAaQBuAF8AcgBhAGkAZAASADFVc2Vycy95MTI3NTk2My9Eb2N1bWVudHMvbGF0ZXgvZWxlYzU1L3VnX2ZpZm8ucGRmAAATAAEvAAAVAAIAD///AACABtIbHB0eWiRjbGFzc25hbWVYJGNsYXNzZXNdTlNNdXRhYmxlRGF0YaMdHyBWTlNEYXRhWE5TT2JqZWN00hscIiNcTlNEaWN0aW9uYXJ5oiIgXxAPTlNLZXllZEFyY2hpdmVy0SYnVHJvb3SAAQAIABEAGgAjAC0AMgA3AEAARgBNAFUAYABnAGoAbABuAHEAcwB1AHcAhACOAJoAnwCnAjkCOwJAAksCVAJiAmYCbQJ2AnsCiAKLAp0CoAKlAAAAAAAAAgEAAAAAAAAAKAAAAAAAAAAAAAAAAAAAAqc=}}

@manual{DE2UserManual,
	Author = {Altera},
	Date-Added = {2015-04-29 16:02:42 +0000},
	Date-Modified = {2015-04-29 16:10:17 +0000},
	Institution = {Altera},
	Title = {DE2UserManual},
	Bdsk-File-1 = {YnBsaXN0MDDUAQIDBAUGJCVYJHZlcnNpb25YJG9iamVjdHNZJGFyY2hpdmVyVCR0b3ASAAGGoKgHCBMUFRYaIVUkbnVsbNMJCgsMDxJXTlMua2V5c1pOUy5vYmplY3RzViRjbGFzc6INDoACgAOiEBGABIAFgAdccmVsYXRpdmVQYXRoWWFsaWFzRGF0YV8QEkRFMl9Vc2VyTWFudWFsLnBkZtIXCxgZV05TLmRhdGFPEQGqAAAAAAGqAAIAAAltYWluX3JhaWQAAAAAAAAAAAAAAAAAAAAAAADQslf0SCsAAAEe0TsSREUyX1VzZXJNYW51YWwucGRmAAAAAAAAAAAAAAAAAAAAAAAAAAAAAAAAAAAAAAAAAAAAAAAAAAAAAAAAAAAAASIAHtFmvl0AAAAAAAAAAAABAAIAAAkgAAAAAAAAAAAAAAAAAAAABmVsZWM1NQAQAAgAANCyV/QAAAARAAgAANFmsE0AAAABABQBHtE7ABUREgAVDPQAE4biABOG1wACAEdtYWluX3JhaWQ6VXNlcnM6AHkxMjc1OTYzOgBEb2N1bWVudHM6AGxhdGV4OgBlbGVjNTU6AERFMl9Vc2VyTWFudWFsLnBkZgAADgAmABIARABFADIAXwBVAHMAZQByAE0AYQBuAHUAYQBsAC4AcABkAGYADwAUAAkAbQBhAGkAbgBfAHIAYQBpAGQAEgA4VXNlcnMveTEyNzU5NjMvRG9jdW1lbnRzL2xhdGV4L2VsZWM1NS9ERTJfVXNlck1hbnVhbC5wZGYAEwABLwAAFQACAA///wAAgAbSGxwdHlokY2xhc3NuYW1lWCRjbGFzc2VzXU5TTXV0YWJsZURhdGGjHR8gVk5TRGF0YVhOU09iamVjdNIbHCIjXE5TRGljdGlvbmFyeaIiIF8QD05TS2V5ZWRBcmNoaXZlctEmJ1Ryb290gAEACAARABoAIwAtADIANwBAAEYATQBVAGAAZwBqAGwAbgBxAHMAdQB3AIQAjgCjAKgAsAJeAmACZQJwAnkChwKLApICmwKgAq0CsALCAsUCygAAAAAAAAIBAAAAAAAAACgAAAAAAAAAAAAAAAAAAALM}}

@manual{addaman,
	Author = {www.terasic.com},
	Date-Added = {2015-04-29 15:59:29 +0000},
	Date-Modified = {2015-04-29 16:10:11 +0000},
	Institution = {www.terasic.com},
	Organization = {terasic},
	Title = {THDB},
	Bdsk-File-1 = {YnBsaXN0MDDUAQIDBAUGJCVYJHZlcnNpb25YJG9iamVjdHNZJGFyY2hpdmVyVCR0b3ASAAGGoKgHCBMUFRYaIVUkbnVsbNMJCgsMDxJXTlMua2V5c1pOUy5vYmplY3RzViRjbGFzc6INDoACgAOiEBGABIAFgAdccmVsYXRpdmVQYXRoWWFsaWFzRGF0YV8QMlRIREJfQURBX1VzZXJHdWlkZV92MS4yLjIgd2l0aCBwaW4gYXNzaWdubWVudHMucGRm0hcLGBlXTlMuZGF0YU8RAhYAAAAAAhYAAgAACW1haW5fcmFpZAAAAAAAAAAAAAAAAAAAAAAAANCyV/RIKwAAAR7ROx9USERCX0FEQV9Vc2VyR3VpZGVfIzEyMjAwNDAucGRmAAAAAAAAAAAAAAAAAAAAAAAAAAAAAAAAAAAAAAAAAAABIgBA0VgQrgAAAAAAAAAAAAEAAgAACSAAAAAAAAAAAAAAAAAAAAAGZWxlYzU1ABAACAAA0LJX9AAAABEACAAA0VgCngAAAAEAFAEe0TsAFRESABUM9AAThuIAE4bXAAIAVG1haW5fcmFpZDpVc2VyczoAeTEyNzU5NjM6AERvY3VtZW50czoAbGF0ZXg6AGVsZWM1NToAVEhEQl9BREFfVXNlckd1aWRlXyMxMjIwMDQwLnBkZgAOAGYAMgBUAEgARABCAF8AQQBEAEEAXwBVAHMAZQByAEcAdQBpAGQAZQBfAHYAMQAuADIALgAyACAAdwBpAHQAaAAgAHAAaQBuACAAYQBzAHMAaQBnAG4AbQBlAG4AdABzAC4AcABkAGYADwAUAAkAbQBhAGkAbgBfAHIAYQBpAGQAEgBYVXNlcnMveTEyNzU5NjMvRG9jdW1lbnRzL2xhdGV4L2VsZWM1NS9USERCX0FEQV9Vc2VyR3VpZGVfdjEuMi4yIHdpdGggcGluIGFzc2lnbm1lbnRzLnBkZgATAAEvAAAVAAIAD///AACABtIbHB0eWiRjbGFzc25hbWVYJGNsYXNzZXNdTlNNdXRhYmxlRGF0YaMdHyBWTlNEYXRhWE5TT2JqZWN00hscIiNcTlNEaWN0aW9uYXJ5oiIgXxAPTlNLZXllZEFyY2hpdmVy0SYnVHJvb3SAAQAIABEAGgAjAC0AMgA3AEAARgBNAFUAYABnAGoAbABuAHEAcwB1AHcAhACOAMMAyADQAuoC7ALxAvwDBQMTAxcDHgMnAywDOQM8A04DUQNWAAAAAAAAAgEAAAAAAAAAKAAAAAAAAAAAAAAAAAAAA1g=}}
