%% This BibTeX bibliography file was created using BibDesk.
%% http://bibdesk.sourceforge.net/


%% Created for y1275963 at 2015-05-22 20:20:56 +0100 


%% Saved with string encoding Unicode (UTF-8) 



@article{table,
	Author = {Rorabaugh},
	Date-Added = {2015-05-22 19:19:13 +0000},
	Date-Modified = {2015-05-22 19:20:31 +0000},
	Keywords = {Table 12.7},
	Year = {1999}}
